%% This BibTeX bibliography file was created using BibDesk.
%% http://bibdesk.sourceforge.net/

%% Created for Patrick Altmeyer at 2020-10-12 15:23:47 +0200 


%% Saved with string encoding Unicode (UTF-8) 



@book{nw2006numerical,
	Author = {Nocedal, Jorge and Wright, Stephen},
	Date-Added = {2020-10-12 15:21:09 +0200},
	Date-Modified = {2020-10-12 15:21:26 +0200},
	Publisher = {Springer Science \& Business Media},
	Title = {Numerical optimization},
	Year = {2006}}
