@Manual{R-base,
  title = {R: A Language and Environment for Statistical Computing},
  author = {{R Core Team}},
  organization = {R Foundation for Statistical Computing},
  address = {Vienna, Austria},
  year = {2020},
  url = {https://www.R-project.org/},
}

@Manual{R-bookdown,
  title = {bookdown: Authoring Books and Technical Documents with R Markdown},
  author = {Yihui Xie},
  year = {2020},
  note = {R package version 0.20},
  url = {https://github.com/rstudio/bookdown},
}

@Manual{R-data.table,
  title = {data.table: Extension of `data.frame`},
  author = {Matt Dowle and Arun Srinivasan},
  year = {2021},
  note = {R package version 1.14.0},
  url = {https://CRAN.R-project.org/package=data.table},
}

@Manual{R-DT,
  title = {DT: A Wrapper of the JavaScript Library DataTables},
  author = {Yihui Xie and Joe Cheng and Xianying Tan},
  year = {2020},
  note = {R package version 0.16},
  url = {https://github.com/rstudio/DT},
}

@Manual{R-expm,
  title = {expm: Matrix Exponential, Log, etc},
  author = {Vincent Goulet and Christophe Dutang and Martin Maechler and David Firth and Marina Shapira and Michael Stadelmann},
  year = {2020},
  note = {R package version 0.999-5},
  url = {http://R-Forge.R-project.org/projects/expm/},
}

@Manual{R-fromScratchR,
  title = {fromScratchR: Accompanying package of "From Scratch" book.},
  author = {Patrick Altmeyer},
  note = {R package version 0.1.0},
  year = {2021},
}

@Manual{R-ggplot2,
  title = {ggplot2: Create Elegant Data Visualisations Using the Grammar of Graphics},
  author = {Hadley Wickham and Winston Chang and Lionel Henry and Thomas Lin Pedersen and Kohske Takahashi and Claus Wilke and Kara Woo and Hiroaki Yutani and Dewey Dunnington},
  year = {2020},
  note = {R package version 3.3.3},
  url = {https://CRAN.R-project.org/package=ggplot2},
}

@Manual{R-irlba,
  title = {irlba: Fast Truncated Singular Value Decomposition and Principal
Components Analysis for Large Dense and Sparse Matrices},
  author = {Jim Baglama and Lothar Reichel and B. W. Lewis},
  year = {2019},
  note = {R package version 2.3.3},
  url = {https://CRAN.R-project.org/package=irlba},
}

@Manual{R-knitr,
  title = {knitr: A General-Purpose Package for Dynamic Report Generation in R},
  author = {Yihui Xie},
  year = {2021},
  note = {R package version 1.31},
  url = {https://yihui.org/knitr/},
}

@Manual{R-Matrix,
  title = {Matrix: Sparse and Dense Matrix Classes and Methods},
  author = {Douglas Bates and Martin Maechler},
  year = {2019},
  note = {R package version 1.2-18},
  url = {http://Matrix.R-forge.R-project.org/},
}

@Manual{R-microbenchmark,
  title = {microbenchmark: Accurate Timing Functions},
  author = {Olaf Mersmann},
  year = {2019},
  note = {R package version 1.4-7},
  url = {https://github.com/joshuaulrich/microbenchmark/},
}

@Manual{R-plotly,
  title = {plotly: Create Interactive Web Graphics via plotly.js},
  author = {Carson Sievert and Chris Parmer and Toby Hocking and Scott Chamberlain and Karthik Ram and Marianne Corvellec and Pedro Despouy},
  year = {2020},
  note = {R package version 4.9.2.1},
  url = {https://CRAN.R-project.org/package=plotly},
}

@Manual{R-PMA,
  title = {PMA: Penalized Multivariate Analysis},
  author = {Daniela Witten and Rob Tibshirani},
  year = {2020},
  note = {R package version 1.2.1},
  url = {https://github.com/bnaras/PMA},
}

@Manual{R-reshape,
  title = {reshape: Flexibly Reshape Data},
  author = {Hadley Wickham},
  year = {2018},
  note = {R package version 0.8.8},
  url = {http://had.co.nz/reshape},
}

@Manual{R-rmarkdown,
  title = {rmarkdown: Dynamic Documents for R},
  author = {JJ Allaire and Yihui Xie and Jonathan McPherson and Javier Luraschi and Kevin Ushey and Aron Atkins and Hadley Wickham and Joe Cheng and Winston Chang and Richard Iannone},
  year = {2020},
  note = {R package version 2.6},
  url = {https://github.com/rstudio/rmarkdown},
}

@Book{bookdown2016,
  title = {bookdown: Authoring Books and Technical Documents with {R} Markdown},
  author = {Yihui Xie},
  publisher = {Chapman and Hall/CRC},
  address = {Boca Raton, Florida},
  year = {2016},
  note = {ISBN 978-1138700109},
  url = {https://github.com/rstudio/bookdown},
}

@Book{ggplot22016,
  author = {Hadley Wickham},
  title = {ggplot2: Elegant Graphics for Data Analysis},
  publisher = {Springer-Verlag New York},
  year = {2016},
  isbn = {978-3-319-24277-4},
  url = {https://ggplot2.tidyverse.org},
}

@Book{knitr2015,
  title = {Dynamic Documents with {R} and knitr},
  author = {Yihui Xie},
  publisher = {Chapman and Hall/CRC},
  address = {Boca Raton, Florida},
  year = {2015},
  edition = {2nd},
  note = {ISBN 978-1498716963},
  url = {https://yihui.org/knitr/},
}

@InCollection{knitr2014,
  booktitle = {Implementing Reproducible Computational Research},
  editor = {Victoria Stodden and Friedrich Leisch and Roger D. Peng},
  title = {knitr: A Comprehensive Tool for Reproducible Research in {R}},
  author = {Yihui Xie},
  publisher = {Chapman and Hall/CRC},
  year = {2014},
  note = {ISBN 978-1466561595},
  url = {http://www.crcpress.com/product/isbn/9781466561595},
}

@Book{plotly2020,
  author = {Carson Sievert},
  title = {Interactive Web-Based Data Visualization with R, plotly, and shiny},
  publisher = {Chapman and Hall/CRC},
  year = {2020},
  isbn = {9781138331457},
  url = {https://plotly-r.com},
}

@Article{reshape2007,
  author = {Hadley Wickham},
  journal = {Journal of Statistical Software},
  number = {12},
  title = {Reshaping data with the reshape package},
  url = {http://www.jstatsoft.org/v21/i12/paper},
  volume = {21},
  year = {2007},
}

@Book{rmarkdown2018,
  title = {R Markdown: The Definitive Guide},
  author = {Yihui Xie and J.J. Allaire and Garrett Grolemund},
  publisher = {Chapman and Hall/CRC},
  address = {Boca Raton, Florida},
  year = {2018},
  note = {ISBN 9781138359338},
  url = {https://bookdown.org/yihui/rmarkdown},
}

@Book{rmarkdown2020,
  title = {R Markdown Cookbook},
  author = {Yihui Xie and Christophe Dervieux and Emily Riederer},
  publisher = {Chapman and Hall/CRC},
  address = {Boca Raton, Florida},
  year = {2020},
  note = {ISBN 9780367563837},
  url = {https://bookdown.org/yihui/rmarkdown-cookbook},
}

